
<record>
  <controlfield tag="001">329468</controlfield>
  <datafield tag="035" ind1=" " ind2=" ">
    <subfield code="z">D97-11068</subfield>
    <subfield code="9">DESY</subfield>
  </datafield>
  <datafield tag="035" ind1=" " ind2=" ">
    <subfield code="a">Alexopoulos:1991fr</subfield>
    <subfield code="9">SPIRESTeX</subfield>
  </datafield>
  <datafield tag="710" ind1=" " ind2=" ">
    <subfield code="g">E735</subfield>
  </datafield>
  <datafield tag="245" ind1=" " ind2=" ">
    <subfield code="a">Phi0 meson production in p anti-p collisions at s**(1/2) = 1.8-TeV</subfield>
  </datafield>
</record>