
<record>
  <controlfield tag="001">329467</controlfield>
  <datafield tag="035" ind1=" " ind2=" ">
    <subfield code="z">D97-11067</subfield>
    <subfield code="9">DESY</subfield>
  </datafield>
  <datafield tag="035" ind1=" " ind2=" ">
    <subfield code="a">Alexopoulos:1991fq</subfield>
    <subfield code="9">SPIRESTeX</subfield>
  </datafield>
  <datafield tag="710" ind1=" " ind2=" ">
    <subfield code="g">E735</subfield>
  </datafield>
  <datafield tag="245" ind1=" " ind2=" ">
    <subfield code="a">Multiplicity distributions of charged particle secondaries from proton anti-proton collisions at the Tevatron collider s**(1/2) = 1.8-TeV</subfield>
  </datafield>
</record>