
<record>
  <controlfield tag="001">329453</controlfield>
  <datafield tag="035" ind1=" " ind2=" ">
    <subfield code="z">D97-11050</subfield>
    <subfield code="9">DESY</subfield>
  </datafield>
  <datafield tag="035" ind1=" " ind2=" ">
    <subfield code="a">Alexopoulos:1991fa</subfield>
    <subfield code="9">SPIRESTeX</subfield>
  </datafield>
  <datafield tag="710" ind1=" " ind2=" ">
    <subfield code="g">E735</subfield>
  </datafield>
  <datafield tag="245" ind1=" " ind2=" ">
    <subfield code="a">Resonance searches using a neural network technique</subfield>
  </datafield>
</record>

</collection>